<record xmlns:xsi="http://www.w3.org/2001/XMLSchema-instance" xmlns="http://www.loc.gov/MARC21/slim" xsi:schemaLocation="http://www.loc.gov/MARC21/slim http://www.loc.gov/standards/marcxml/schema/MARC21slim.xsd">

  <leader>01616nab a2200157   4500</leader>
  <controlfield tag="008">150604b1999    cr f|||| |||| 00| 0 spa d</controlfield>
  <datafield tag="090" ind2=" " ind1=" ">
    <subfield code="a">REVIS 06.02.01</subfield>
  </datafield>
  <datafield tag="100" ind2=" " ind1="1">
    <subfield code="9">126</subfield>
    <subfield code="a">Villalta Villalta, Olga María</subfield>
  </datafield>
  <datafield ind2="0" tag="245" ind1="1">
    <subfield code="a">Propuesta para la sistematización de una experiencia universitaria de carácter académico: el trabajo en comisón /</subfield>
    <subfield code="b">Olga María Villalta Villalta</subfield>
  </datafield>
  <datafield ind1=" " tag="260" ind2=" ">
    <subfield code="a">San José, Costa Rica :</subfield>
    <subfield code="b">Editorial Universidad de Costa Rica,</subfield>
    <subfield code="c">1999</subfield>
  </datafield>
  <datafield ind1=" " ind2=" " tag="300">
    <subfield code="a">páginas 105-112</subfield>
  </datafield>
  <datafield tag="520" ind2=" " ind1=" ">
    <subfield code="a">El artículo expone una propuesta para sistematizar las experiencias de trabajo en grupo bajo la modalidad de trabajo en comisión. Esta es una modalidad fundamental en el desempeño de la academia universitaria y se considera como muy necesario, el reflexionar sobre esta experiencia. Se considera que la sistematización en el ámbito universitario es un camino estratégico que permite aumentar los conocimientos instrumentales, técnicos y teóricos que permitirán el desarrollo de un quehacer universitario más acorde con el logro de los propósitos de desarrollo social que demanda la sociedad. Dos son los aspectos centrales del documento:
*el análisis de los conceptos básicos vinculados a la sistematización y 
* el proceso metodológico para desarrollar la práctica sistematizadora.
La propuesta se fundamenta en los planteamientos de Oscar Jara sobre la sistematización de experiencias</subfield>
  </datafield>
  <datafield ind1="1" tag="650" ind2="4">
    <subfield code="9">1</subfield>
    <subfield code="a">EDUCACIÓN</subfield>
  </datafield>
  <datafield tag="773" ind2=" " ind1="0">
    <subfield code="d">San José, Costa Rica : Editorial de la Universidad de Costa Rica, 1997-</subfield>
    <subfield code="o">R0023</subfield>
    <subfield code="t">EDUCACIÓN: Revista de la Universidad de Costa Rica</subfield>
    <subfield code="g">Vol.23, no.2 (1999)</subfield>
  </datafield>
  <datafield ind1=" " tag="942" ind2=" ">
    <subfield code="2">z</subfield>
    <subfield code="c">10</subfield>
  </datafield>
  <datafield tag="999" ind2=" " ind1=" ">
    <subfield code="c">2633</subfield>
    <subfield code="d">2633</subfield>
  </datafield>
</record>